@inproceedings{
linkerhagnerFSM23,
title={Grounding Graph Network Simulators using Physical Sensor Observations},
author={Jonas Linkerhaegner and Niklas Freymuth and Paul Maria Scheikl and Franziska Mathis Ullrich and Gerhard Neumann},
booktitle={International Conference on Learning Representations},
year={2023},
url={https://openreview.net/pdf?id=jsZsEd8VEY},
  keywords={self}
}

@inproceedings{Volpp23,
  author       = {Michael Volpp and
                  Philipp Dahlinger and
                  Philipp Becker and
                  Christian Daniel and
                  Gerhard Neumann},
  title        = {Accurate Bayesian Meta-Learning by Accurate Task Posterior Inference},
  booktitle    = {The Eleventh International Conference on Learning Representations,
                  {ICLR} 2023, Kigali, Rwanda, May 1-5, 2023},
  publisher    = {OpenReview.net},
  year         = {2023},
  url          = {https://openreview.net/pdf?id=sb-IkS8DQw2},
  timestamp    = {Fri, 30 Jun 2023 14:55:53 +0200},
  biburl       = {https://dblp.org/rec/conf/iclr/VolppDBDN23.bib},
  bibsource    = {dblp computer science bibliography, https://dblp.org},
  keywords={self}
}

@inproceedings{Zenkri2022,
    author       = {Zenkri, Oussama and Vien, Ngo Anh and Neumann, Gerhard},
    year         = {2022},
    title        = {Hierarchical Policy Learning for Mechanical Search},
    eventtitle   = {IEEE International Conference on Robotics and Automation},
    eventtitleaddon = {ICRA 2022},
    eventdate    = {2022-05-23/2022-05-27},
    venue        = {Philadelphia, PA, USA},
    booktitle    = {IEEE International Conference on Robotics and Automation (ICRA)},
    language     = {english},
    keywords={self}
}

@inproceedings{
taranovic2023ailp,
title={Adversarial Imitation Learning with Preferences},
author={Aleksandar Taranovic and Andras Gabor Kupcsik and Niklas Freymuth and Gerhard Neumann},
booktitle={The Eleventh International Conference on Learning Representations },
year={2023},
  keywords={self}
}

@article{wirth2017PrefSurvey,
  author  = {Christian Wirth and Riad Akrour and Gerhard Neumann and Johannes F{{\"u}}rnkranz},
  title   = {A Survey of Preference-Based Reinforcement Learning Methods},
  journal = {Journal of Machine Learning Research},
  year    = {2017},
  volume  = {18},
  number  = {136},
  keywords={self}
}

@inproceedings{wirth2016PrefRL,
author = {Wirth, Christian and F\"{u}rnkranz, Johannes and Neumann, Gerhard},
title = {Model-Free Preference-Based Reinforcement Learning},
year = {2016},
publisher = {AAAI Press},
booktitle = {Proceedings of the Thirtieth AAAI Conference on Artificial Intelligence},
location = {Phoenix, Arizona},
series = {AAAI'16},
  keywords={self}
}

@inproceedings{pinsler2018PrefGrasp,
    author       = {Pinsler, R. and Akrour, R. and Osa, T. and Peters, J. and Neumann, G.},
    year         = {2018},
    title        = {Sample and feedback efficient hierarchical reinforcement learning from human preferences},
    eventtitle   = {IEEE International Conference on Robotics and Automation},
    eventtitleaddon = {ICRA 2018},
    venue        = {Brisbane, Australien},
    booktitle    = {2018 IEEE International Conference on Robotics and Automation (ICRA), 21-25 May 2018, Brisbane, QLD, Australia},
    publisher    = {{Institute of Electrical and Electronics Engineers (IEEE)}},
  keywords={self}
}

@article{Takayuki2018ImitationLearning,
url = {http://dx.doi.org/10.1561/2300000053},
year = {2018},
volume = {7},
journal = {Foundations and Trends® in Robotics},
title = {An Algorithmic Perspective on Imitation Learning},
author = {Takayuki Osa and Joni Pajarinen and Gerhard Neumann and J. Andrew Bagnell and Pieter Abbeel and Jan Peters},
  keywords={self}
}

@inproceedings{freymuth2022vigor,
title={Inferring Versatile Behavior from Demonstrations by Matching Geometric Descriptors},
author={Niklas Freymuth and Nicolas Schreiber and Aleksandar Taranovic and Philipp Becker and Gerhard Neumann},
booktitle={6th Annual Conference on Robot Learning},
year={2022},
keywords={self}
}

@article{freymuth2023asmr,
author       = {Niklas Freymuth and
              Philipp Dahlinger and
              Tobias W{\"{u}}rth and
              Luise K{\"{a}}rger and
              Gerhard Neumann},
title        = {Swarm Reinforcement Learning For Adaptive Mesh Refinement},
journal      = {CoRR},
volume       = {abs/2304.00818},
year         = {2023},
url          = {https://doi.org/10.48550/arXiv.2304.00818},
doi          = {10.48550/ARXIV.2304.00818},
eprinttype    = {arXiv},
eprint       = {2304.00818},
timestamp    = {Mon, 17 Apr 2023 15:20:10 +0200},
biburl       = {https://dblp.org/rec/journals/corr/abs-2304-00818.bib},
bibsource    = {dblp computer science bibliography, https://dblp.org},
keywords={self}
}

@article{Sing_teleop,
author       = {Singh, Jayant and Srinivasan, Aravinda Ramakrishnan and Neumann, Gerhard and Kucukyilmaz, Ayse},
year         = {2020},
title        = {Haptic-Guided Teleoperation of a 7-DoF Collaborative Robot Arm with an Identical Twin Master},
volume       = {13},
number       = {1},
pages        = {246-252},
journal      = {IEEE transactions on haptics},
doi          = {10.1109/TOH.2020.2971485},
publisher    = {{IEEE Computer Society}},
issn         = {1939-1412, 2329-4051, 2334-0134},
language     = {english},
keywords={self}
}


@inproceedings{
gao2023sad,
title={{SA}6D: Self-Adaptive Few-Shot 6D Pose Estimator for Novel and Occluded Objects},
author={Ning Gao and Vien Anh Ngo and Hanna Ziesche and Gerhard Neumann},
booktitle={7th Annual Conference on Robot Learning},
year={2023},
keywords={self}
}

@inproceedings{duffhauss22MV6D,
  author       = {Fabian Duffhauss and
                  Tobias Demmler and
                  Gerhard Neumann},
  title        = {{MV6D:} Multi-View 6D Pose Estimation on {RGB-D} Frames Using a Deep
                  Point-wise Voting Network},
  booktitle    = {{IEEE/RSJ} International Conference on Intelligent Robots and Systems,
                  {IROS} 2022, Kyoto, Japan, October 23-27, 2022},
  pages        = {3568--3575},
  publisher    = {{IEEE}},
  year         = {2022},
  url          = {https://doi.org/10.1109/IROS47612.2022.9982268},
  doi          = {10.1109/IROS47612.2022.9982268},
  timestamp    = {Sat, 30 Sep 2023 09:49:26 +0200},
  biburl       = {https://dblp.org/rec/conf/iros/DuffhaussDN22.bib},
  bibsource    = {dblp computer science bibliography, https://dblp.org},
  keywords={self}
}

@InProceedings{Gao_2022_CVPR,
    author    = {Gao, Ning and Ziesche, Hanna and Vien, Ngo Anh and Volpp, Michael and Neumann, Gerhard},
    title     = {What Matters for Meta-Learning Vision Regression Tasks?},
    booktitle = {Proceedings of the IEEE/CVF Conference on Computer Vision and Pattern Recognition (CVPR)},
    year      = {2022},
   keywords={self}
}

@inproceedings{
volpp2021bayesian,
title={Bayesian Context Aggregation for Neural Processes},
author={Michael Volpp and Fabian Fl{\"u}renbrock and Lukas Grossberger and Christian Daniel and Gerhard Neumann},
booktitle={International Conference on Learning Representations},
year={2021},
  keywords={self}
}
@article{becker2022uncertainty,
  title={On Uncertainty in Deep State Space Models for Model-Based Reinforcement Learning},
  author={Becker, Philipp and Neumann, Gerhard},
  journal={Transactions on Machine Learning Research},
  year={2022},
  keywords={self}
}

@inproceedings{becker19RKN,
  author       = {Philipp Becker and
                  Harit Pandya and
                  Gregor H. W. Gebhardt and
                  Cheng Zhao and
                  C. James Taylor and
                  Gerhard Neumann},
  title        = {Recurrent Kalman Networks: Factorized Inference in High-Dimensional
                  Deep Feature Spaces},
  booktitle    = {Proceedings of the 36th International Conference on Machine Learning,{ICML} 2019},
  keywords={self}
}

@article{Huettenrauch19,
    author       = {Hüttenrauch, Maximilian and Adrian, Sosic and Neumann, Gerhard},
    year         = {2019},
    title        = {Deep Reinforcement Learning for Swarm Systems},
    journal      = {Journal of machine learning research},
    publisher    = {{Journal of Machine Learning Research}},
    keywords={self}
}




@inproceedings{shaj2022hiprssm,
  author       = {Vaisakh Shaj and
                  Dieter B{\"{u}}chler and
                  Rohit Sonker and
                  Philipp Becker and
                  Gerhard Neumann},
  title        = {Hidden Parameter Recurrent State Space Models For Changing Dynamics
                  Scenarios},
  booktitle    = {The Tenth International Conference on Learning Representations, {ICLR}
                  2022, Virtual Event, April 25-29, 2022},
  publisher    = {OpenReview.net},
  year         = {2022},
  url          = {https://openreview.net/forum?id=ds8yZOUsea},
  timestamp    = {Sat, 20 Aug 2022 01:15:42 +0200},
  biburl       = {https://dblp.org/rec/conf/iclr/ShajBSBN22.bib},
  bibsource    = {dblp computer science bibliography, https://dblp.org},
  keywords={self}
}

@inproceedings{shaj2020acrkn,
  author       = {Vaisakh Shaj and
                  Philipp Becker and
                  Dieter B{\"{u}}chler and
                  Harit Pandya and
                  Niels van Duijkeren and
                  C. James Taylor and
                  Marc Hanheide and
                  Gerhard Neumann},
  editor       = {Jens Kober and
                  Fabio Ramos and
                  Claire J. Tomlin},
  title        = {Action-Conditional Recurrent Kalman Networks For Forward and Inverse
                  Dynamics Learning},
  booktitle    = {4th Conference on Robot Learning, CoRL 2020, 16-18 November 2020,
                  Virtual Event / Cambridge, MA, {USA}},
  series       = {Proceedings of Machine Learning Research},
  volume       = {155},
  pages        = {765--781},
  publisher    = {{PMLR}},
  year         = {2020},
  url          = {https://proceedings.mlr.press/v155/shaj21a.html},
  timestamp    = {Tue, 18 Oct 2022 08:35:37 +0200},
  biburl       = {https://dblp.org/rec/conf/corl/ShajBBPDTHN20.bib},
  bibsource    = {dblp computer science bibliography, https://dblp.org},
  keywords={self}
}

@inproceedings{shaj2023mts3,
  author       = {Vaisakh Shaj and
                  Saleh {Gholam Zadeh} and
                  Ozan Demir and
                  Luiz Ricardo Douat and
                  Gerhard Neumann},
  title        = {Multi Time Scale World Models},
  booktitle    = {Thirty-seventh Conference on Neural Information Processing Systems (NeurIPS)},
  year         = {2023},
  keywords={self}
}

@inproceedings{David2024,
  author       = {Xiaogang Jia and
                  Denis Blessing and
                  Xinkai Jiang and
                  Moritz Reuss and
                  Atalay Donat and
                  Rudolf Lioutikov and
                  Gerhard Neumann},
  title        = {Towards Diverse Behaviors: A Benchmark for Imitation Learning with Human
                  Demonstrations},
  booktitle    = {Submitted to The Eleventh International Conference on Learning Representations, {ICLR} 2024},
  publisher    = {OpenReview.net},
  year         = {2024},
  url          = {https://openreview.net/forum?id=6pPYRXKPpw},
  keywords={self}
}

@inproceedings{blessing2023information,
  title={Information Maximizing Curriculum: A Curriculum-Based Approach for Learning Versatile Skills},
  author={Blessing, Denis and Celik, Onur and Jia, Xiaogang and Reuss, Moritz and Li, Maximilian Xiling and Lioutikov, Rudolf and Neumann, Gerhard},
  booktitle={Thirty-seventh Conference on Neural Information Processing Systems},
  year={2023},
  keywords={self}
}

@inproceedings{jiang2023user,
  author       = {Jiang, Xinkai and Mattes, Paul and Jia, Xiaogang and Neumann, Gerhard and Lioutikov, Rudolf},
  title = {A Comprehensive User Study on Augmented Reality-Based Data Collection Interfaces for Robot Learning},
  booktitle = {Conditional accepted by 19th Annual ACM/IEEE International Conference on Human Robot Interaction, {HRI} 2024},
  year         = {2024},
  keywords={self}
}

@inproceedings{serhan2022push,
  title={Push-to-see: learning non-prehensile manipulation to enhance instance segmentation via deep q-learning},
  author={Serhan, Baris and Pandya, Harit and Kucukyilmaz, Ayse and Neumann, Gerhard},
  booktitle={2022 International Conference on Robotics and Automation (ICRA)},
  pages={1513--1519},
  year={2022},
  organization={IEEE},
  keywords={self}
}


% ProMP
@article{paraschos2013probabilistic,
  title={Probabilistic movement primitives},
  author={Paraschos, Alexandros and Daniel, Christian and Peters, Jan and Neumann, Gerhard},
  journal={Advances in neural information processing systems},
  volume={26},
  year={2013},
  keywords={self}
}

% ProDMP
@article{li2023prodmp,
  title={ProDMP: A Unified Perspective on Dynamic and Probabilistic Movement Primitives},
  author={Li, Ge and Jin, Zeqi and Volpp, Michael and Otto, Fabian and Lioutikov, Rudolf and Neumann, Gerhard},
  journal={IEEE Robotics and Automation Letters},
  volume={8},
  number={4},
  pages={2325--2332},
  year={2023},
  publisher={IEEE},
  keywords={self}
}

% BBRL 
@inproceedings{otto2023deep,
  title={Deep black-box reinforcement learning with movement primitives},
  author={Otto, Fabian and Celik, Onur and Zhou, Hongyi and Ziesche, Hanna and Ngo, Vien Anh and Neumann, Gerhard},
  booktitle={Conference on Robot Learning},
  year={2022},
  keywords={self}
}

% MP3
@article{otto2023mp3,
  title={MP3: Movement Primitive-Based (Re-) Planning Policy},
  author={Otto, Fabian and Zhou, Hongyi and Celik, Onur and Li, Ge and Lioutikov, Rudolf and Neumann, Gerhard},
  journal={arXiv preprint arXiv:2306.12729},
  year={2023},
  keywords={self}
}

% TRPL
@article{otto2021differentiable,
  title={Differentiable trust region layers for deep reinforcement learning},
  author={Otto, Fabian and Becker, Philipp and Vien, Ngo Anh and Ziesche, Hanna Carolin and Neumann, Gerhard},
  journal={International Conference on Learning Representations},
  year={2021},
  keywords={self}
}

% SVSL
@inproceedings{celik2022specializing,
  title={Specializing versatile skill libraries using local mixture of experts},
  author={Celik, Onur and Zhou, Dongzhuoran and Li, Ge and Becker, Philipp and Neumann, Gerhard},
  booktitle={Conference on Robot Learning},
  pages={1423--1433},
  year={2022},
  organization={PMLR},
  keywords={self}
}

% Florian Seligmann Nerips
@article{seligmann2023beyond,
  title={Beyond Deep Ensembles--A Large-Scale Evaluation of Bayesian Deep Learning under Distribution Shift},
  author={Seligmann, Florian and Becker, Philipp and Volpp, Michael and Neumann, Gerhard},
  journal={arXiv preprint arXiv:2306.12306},
  year={2023},
  keywords={self}
}


% Oleg VIPS papers

@inproceedings{arenz2018efficient,
  title={Efficient gradient-free variational inference using policy search},
  author={Arenz, Oleg and Neumann, Gerhard and Zhong, Mingjun},
  booktitle={International conference on machine learning},
  pages={234--243},
  year={2018},
  organization={PMLR},
  keywords={self}
}

@article{arenz2020trust,
  title={Trust-region variational inference with gaussian mixture models},
  author={Arenz, Oleg and Zhong, Mingjun and Neumann, Gerhard},
  journal={The Journal of Machine Learning Research},
  volume={21},
  number={1},
  pages={6534--6593},
  year={2020},
  publisher={JMLRORG},
  keywords={self}
}duffhausRAL

@article{arenz2022unified,
  title={A Unified Perspective on Natural Gradient Variational Inference with Gaussian Mixture Models},
  author={Arenz, Oleg and Dahlinger, Philipp and Ye, Zihan and Volpp, Michael and Neumann, Gerhard},
  journal={Transactions on Machine Learning Research (TMLR)},
  year={2022},
  keywords={self}
}

@article{DuffhaussRAL,
    author       = {Duffhauss, Fabian and Koch, Sebastian and Ziesche, Hanna and Vien, Ngo Anh and Neumann, Gerhard},
    year         = {2023},
    title        = {SyMFM6D: Symmetry-aware Multi-directional Fusion for Multi-View 6D Object Pose Estimation},
    volume       = {8},
    number       = {9},
    pages        = {5315–5322},
    journal      = {IEEE Robotics and Automation Letters},
    doi          = {10.1109/LRA.2023.3293317},
    publisher    = {{Institute of Electrical and Electronics Engineers (IEEE)}},
    issn         = {2377-3766, 2377-3774},
    language     = {english},
    keywords={self}
}

@misc{Becker2023archive,
      title={Joint Representations for Reinforcement Learning with Multiple Sensors}, 
      author={Philipp Becker and Sebastian Markgraf and Fabian Otto and Gerhard Neumann},
      year={2023},
      eprint={2302.05342},
      archivePrefix={arXiv},
      keywords={self}
}

@inproceedings{
li2023tcp,
title={Open the Black Box: Step-based Policy Updates for Temporally-Correlated Episodic Reinforcement Learning},
author={Ge Li and Hongyi Zhou and Dominik Roth and Serge Thilges and Fabian Otto and Rudolf Lioutikov and Gerhard Neumann},
booktitle={Submitted to The Twelfth International Conference on Learning Representations},
year={2023},
url={https://openreview.net/forum?id=mnipav175N},
note={under review}
}